<?xml version="1.0" encoding="UTF-8"?><collection xmlns="http://www.loc.gov/MARC21/slim"><record><leader>00425nam--2200169-i-4500</leader><controlfield tag="001">000029735</controlfield><controlfield tag="002">20161230</controlfield><controlfield tag="005">20170126232738</controlfield><controlfield tag="008">060222s1000------------r-----000-0-eng-d</controlfield><datafield ind1=" " ind2=" " tag="080"><subfield code="a">546.291:539.2/(061.3)</subfield></datafield><datafield ind1=" " ind2=" " tag="245"><subfield code="a">Liquid and solid helium. Proceedings</subfield></datafield><datafield ind1=" " ind2=" " tag="260"><subfield code="a">John Wiley And Sons</subfield><subfield code="c">1975</subfield></datafield><datafield ind1=" " ind2=" " tag="300"><subfield code="a">XVI+410 p</subfield></datafield><datafield ind1=" " ind2=" " tag="490"><subfield code="a">Proceedings</subfield></datafield><datafield ind1=" " ind2=" " tag="700"><subfield code="a">Lipson, S. G</subfield></datafield><datafield ind1=" " ind2=" " tag="852"><subfield code="a">43188</subfield></datafield><datafield ind1=" " ind2=" " tag="CAT"><subfield code="a">SYS</subfield><subfield code="c">20170126</subfield><subfield code="h">232738</subfield></datafield></record></collection>